<record><leader>00000cas a22000007a 4500</leader><controlfield tag="001">26819885</controlfield><controlfield tag="008">921020d18891897ohuwr ne      0    0eng d</controlfield><datafield ind1=" " ind2=" " tag="010"><subfield code="a">sn 92063876 </subfield></datafield><datafield ind1=" " ind2=" " tag="040"><subfield code="a">ONP</subfield><subfield code="b">eng</subfield><subfield code="c">ONP</subfield><subfield code="d">OCLCQ</subfield></datafield><datafield ind1=" " ind2=" " tag="042"><subfield code="a">msc</subfield></datafield><datafield ind1="0" ind2=" " tag="130"><subfield code="a">Fairfield County news (Baltimore, Ohio : 1889)</subfield></datafield><datafield ind1="1" ind2="4" tag="245"><subfield code="a">The Fairfield County news.</subfield></datafield><datafield ind1=" " ind2=" " tag="260"><subfield code="a">Baltimore, Ohio :</subfield><subfield code="b">Kumler &amp; Burton,</subfield><subfield code="c">1889-1897.</subfield></datafield><datafield ind1=" " ind2=" " tag="300"><subfield code="a">v.</subfield></datafield><datafield ind1=" " ind2=" " tag="310"><subfield code="a">Weekly</subfield></datafield><datafield ind1="0" ind2=" " tag="362"><subfield code="a">Vol. 1, no. 1 (Oct. 12, 1889)-v. 8, no. 14 (Jan. 1, 1897).</subfield></datafield><datafield ind1=" " ind2=" " tag="500"><subfield code="a">Serving Baltimore, Ohio and Basil, Ohio.</subfield></datafield><datafield ind1=" " ind2="4" tag="651"><subfield code="a">Baltimore (Ohio)</subfield><subfield code="v">Newspapers.</subfield></datafield><datafield ind1=" " ind2="4" tag="651"><subfield code="a">Basil (Ohio)</subfield><subfield code="v">Newspapers.</subfield></datafield><datafield ind1=" " ind2="4" tag="651"><subfield code="a">Fairfield County (Ohio)</subfield><subfield code="v">Newspapers.</subfield></datafield><datafield ind1=" " ind2=" " tag="752"><subfield code="a">United States</subfield><subfield code="b">Ohio</subfield><subfield code="c">Fairfield</subfield><subfield code="d">Baltimore.</subfield></datafield><datafield ind1="0" ind2="0" tag="785"><subfield code="t">Twin-City news (Baltimore, Ohio)</subfield><subfield code="w">(DLC)sn 92063856</subfield></datafield></record>